<?xml version="1.0" encoding="UTF-8" ?><marc:collection xmlns:marc="http://www.loc.gov/MARC21/slim" xmlns:xsi="http://www.w3.org/2001/XMLSchema-instance" xsi:schemaLocation="http://www.loc.gov/MARC21/slim http://www.loc.gov/standards/marcxml/schema/MARC21slim.xsd">
<marc:record><marc:leader>02289cam a2200397Ii 4500</marc:leader>
<marc:controlfield tag="001">b13151174</marc:controlfield>
<marc:controlfield tag="003">UaCaAUL</marc:controlfield><marc:controlfield tag="005">20170924010610.0</marc:controlfield><marc:controlfield tag="008">941122s1913    ua f          100 0 ara  </marc:controlfield><marc:datafield tag="010" ind1=" " ind2=" "><marc:subfield code="a">ne 68003432</marc:subfield></marc:datafield><marc:datafield tag="035" ind1=" " ind2=" "><marc:subfield code="a">(OCoLC)31499964</marc:subfield></marc:datafield><marc:datafield tag="040" ind1=" " ind2=" "><marc:subfield code="a">DLC</marc:subfield><marc:subfield code="b">eng</marc:subfield><marc:subfield code="e">rda</marc:subfield><marc:subfield code="c">AUM</marc:subfield><marc:subfield code="d">AUM</marc:subfield><marc:subfield code="d">OCL</marc:subfield><marc:subfield code="d">LGG</marc:subfield><marc:subfield code="d">OCLCF</marc:subfield><marc:subfield code="d">OCLCQ</marc:subfield><marc:subfield code="d">OCLCO</marc:subfield><marc:subfield code="d">OCL</marc:subfield><marc:subfield code="d">OCLCO</marc:subfield><marc:subfield code="d">OCLCQ</marc:subfield><marc:subfield code="d">MEAUC</marc:subfield></marc:datafield><marc:datafield tag="041" ind1="0" ind2=" "><marc:subfield code="a">ara</marc:subfield><marc:subfield code="a">fre</marc:subfield></marc:datafield><marc:datafield tag="043" ind1=" " ind2=" "><marc:subfield code="a">ma-----</marc:subfield></marc:datafield><marc:datafield tag="049" ind1=" " ind2=" "><marc:subfield code="a">MAIN</marc:subfield></marc:datafield><marc:datafield tag="050" ind1="1" ind2="4"><marc:subfield code="a">DS63.6</marc:subfield><marc:subfield code="b">.M87 1913</marc:subfield></marc:datafield><marc:datafield tag="066" ind1=" " ind2=" "><marc:subfield code="c">(3</marc:subfield><marc:subfield code="c">(4</marc:subfield></marc:datafield><marc:datafield tag="090" ind1=" " ind2=" "><marc:subfield code="a">DS63.6</marc:subfield><marc:subfield code="b">.M87 1913</marc:subfield></marc:datafield><marc:datafield tag="111" ind1="2" ind2=" "><marc:subfield code="6">880-01</marc:subfield><marc:subfield code="a">Muʼtamar al-ʻArabī</marc:subfield><marc:subfield code="n">(1st :</marc:subfield><marc:subfield code="d">1913 :</marc:subfield><marc:subfield code="c">Paris, France)</marc:subfield></marc:datafield><marc:datafield tag="245" ind1="1" ind2="3"><marc:subfield code="6">880-02</marc:subfield><marc:subfield code="a">al-Muʼtamar al-ʻArabī al-Awwal :</marc:subfield><marc:subfield code="b">al-munʻaqid fī al-qāʻah al-kubrá lil-Jamʻīyah al-Jughrāfīyah bi-Shāriʻ San Jarmin fī Pārīs min yawm al-Arbiʻāʼ 13 Rajab sanat 1331/18 Ḥazīrān sanat 1913 ilá yawm al-ithnayn 18 Rajab sanat 1331/23 Ḥazīrān sanat 1913 /</marc:subfield><marc:subfield code="c">ṣadara ʻan al-Lajnah al-ʻUlyā li-Ḥizb al-Lāmarkazīyah bi-Miṣr.</marc:subfield></marc:datafield><marc:datafield tag="264" ind1=" " ind2="1"><marc:subfield code="6">880-03</marc:subfield><marc:subfield code="a">al-Qāhirah :</marc:subfield><marc:subfield code="b">Maṭbaʻat al-Būsfūr bi-Miṣr,</marc:subfield><marc:subfield code="c">1331, 1913.</marc:subfield></marc:datafield><marc:datafield tag="300" ind1=" " ind2=" "><marc:subfield code="a">221, 5 pages, 5 unnumbered leaves of plates ;</marc:subfield><marc:subfield code="c">24 cm.</marc:subfield></marc:datafield><marc:datafield tag="336" ind1=" " ind2=" "><marc:subfield code="a">text</marc:subfield><marc:subfield code="b">txt</marc:subfield><marc:subfield code="2">rdacontent.</marc:subfield></marc:datafield><marc:datafield tag="337" ind1=" " ind2=" "><marc:subfield code="a">unmediated</marc:subfield><marc:subfield code="b">n</marc:subfield><marc:subfield code="2">rdamedia.</marc:subfield></marc:datafield><marc:datafield tag="338" ind1=" " ind2=" "><marc:subfield code="a">volume</marc:subfield><marc:subfield code="b">nc</marc:subfield><marc:subfield code="2">rdacarrier.</marc:subfield></marc:datafield><marc:datafield tag="546" ind1=" " ind2=" "><marc:subfield code="a">Some Articles in French.</marc:subfield></marc:datafield><marc:datafield tag="650" ind1=" " ind2="0"><marc:subfield code="a">Nationalism</marc:subfield><marc:subfield code="z">Arab countries</marc:subfield><marc:subfield code="v">Congresses.</marc:subfield></marc:datafield><marc:datafield tag="710" ind1="2" ind2=" "><marc:subfield code="6">880-04</marc:subfield><marc:subfield code="a">Ḥizb al-Lā-Markazīyah bi-Miṣr.</marc:subfield><marc:subfield code="b">Lajnah al-ʻUlyā.</marc:subfield></marc:datafield><marc:datafield tag="880" ind1="1" ind2="2"><marc:subfield code="6">245-02/(3/r</marc:subfield><marc:subfield code="a">المؤتمر العربي الأول :‪</marc:subfield><marc:subfield code="b">المنعقد في القاعة الكبرى للجمعية الجغرافية بشارع سن جرمن في پاريس من يوم الاربعاء 13 رجب سنة 1331/18 حزيران سنة 1913 الى يوم الاثنين 18 رجب سنة 1331/23 حزيران سنة 1913 /‪</marc:subfield><marc:subfield code="c">صدر عن اللجنة العليا لحزب اللامركزية بمصر..</marc:subfield></marc:datafield><marc:datafield tag="880" ind1="2" ind2=" "><marc:subfield code="6">111-01/(3/r</marc:subfield><marc:subfield code="a">مؤتمر العربي‪</marc:subfield><marc:subfield code="n">(الأول :‪</marc:subfield><marc:subfield code="d">1913 :</marc:subfield><marc:subfield code="c">باريس، فرنسا).</marc:subfield></marc:datafield><marc:datafield tag="880" ind1=" " ind2="1"><marc:subfield code="6">264-03/(3/r</marc:subfield><marc:subfield code="a">القاهرة :‪</marc:subfield><marc:subfield code="b">مطبعة البوسفور بمصر،‪</marc:subfield><marc:subfield code="c">1331, 1913.</marc:subfield></marc:datafield><marc:datafield tag="880" ind1="2" ind2=" "><marc:subfield code="6">710-04/(3/r</marc:subfield><marc:subfield code="a">حزب اللامركزية بمصر.‪</marc:subfield><marc:subfield code="b">لجنة العليا..</marc:subfield></marc:datafield><marc:datafield tag="907" ind1=" " ind2=" "><marc:subfield code="a">.b13151174</marc:subfield><marc:subfield code="b">main </marc:subfield></marc:datafield><marc:datafield tag="902" ind1=" " ind2=" "><marc:subfield code="a">180312</marc:subfield></marc:datafield><marc:datafield tag="998" ind1=" " ind2=" "><marc:subfield code="b">1</marc:subfield><marc:subfield code="c">040926</marc:subfield><marc:subfield code="d">m</marc:subfield><marc:subfield code="e">a</marc:subfield><marc:subfield code="f">-</marc:subfield><marc:subfield code="g">3</marc:subfield><marc:subfield code="k">MH, TA</marc:subfield></marc:datafield><marc:datafield tag="945" ind1=" " ind2=" "><marc:subfield code="l">main </marc:subfield></marc:datafield></marc:record>
</marc:collection>
